%YAML 1.1
%TAG !u! tag:unity3d.com,2011:
--- !u!1 &597552862818242554
GameObject:
  m_ObjectHideFlags: 0
  m_CorrespondingSourceObject: {fileID: 0}
  m_PrefabInstance: {fileID: 0}
  m_PrefabAsset: {fileID: 0}
  serializedVersion: 6
  m_Component:
  - component: {fileID: 8850752331470765179}
  - component: {fileID: 8586937313527271357}
  m_Layer: 0
  m_Name: ContentStatePriorReceiver
  m_TagString: Untagged
  m_Icon: {fileID: 0}
  m_NavMeshLayer: 0
  m_StaticEditorFlags: 0
  m_IsActive: 1
--- !u!4 &8850752331470765179
Transform:
  m_ObjectHideFlags: 0
  m_CorrespondingSourceObject: {fileID: 0}
  m_PrefabInstance: {fileID: 0}
  m_PrefabAsset: {fileID: 0}
  m_GameObject: {fileID: 597552862818242554}
  m_LocalRotation: {x: -0, y: -0, z: -0, w: 1}
  m_LocalPosition: {x: 0, y: 0, z: 0}
  m_LocalScale: {x: 1, y: 1, z: 1}
  m_Children: []
  m_Father: {fileID: 5077207966180894893}
  m_RootOrder: 0
  m_LocalEulerAnglesHint: {x: 0, y: 0, z: 0}
--- !u!114 &8586937313527271357
MonoBehaviour:
  m_ObjectHideFlags: 0
  m_CorrespondingSourceObject: {fileID: 0}
  m_PrefabInstance: {fileID: 0}
  m_PrefabAsset: {fileID: 0}
  m_GameObject: {fileID: 597552862818242554}
  m_Enabled: 1
  m_EditorHideFlags: 0
  m_Script: {fileID: 11500000, guid: 8b9cbb6e971fcbf469202aa911191017, type: 3}
  m_Name: 
  m_EditorClassIdentifier: 
  m_Net: {fileID: 2629256788800866641}
  m_OnReceive:
    m_PersistentCalls:
      m_Calls: []
--- !u!1 &5643928715172803373
GameObject:
  m_ObjectHideFlags: 0
  m_CorrespondingSourceObject: {fileID: 0}
  m_PrefabInstance: {fileID: 0}
  m_PrefabAsset: {fileID: 0}
  serializedVersion: 6
  m_Component:
  - component: {fileID: 437108875606031180}
  - component: {fileID: 1220855281683307359}
  m_Layer: 0
  m_Name: ContentStateMinorSet
  m_TagString: Untagged
  m_Icon: {fileID: 0}
  m_NavMeshLayer: 0
  m_StaticEditorFlags: 0
  m_IsActive: 1
--- !u!4 &437108875606031180
Transform:
  m_ObjectHideFlags: 0
  m_CorrespondingSourceObject: {fileID: 0}
  m_PrefabInstance: {fileID: 0}
  m_PrefabAsset: {fileID: 0}
  m_GameObject: {fileID: 5643928715172803373}
  m_LocalRotation: {x: -0, y: -0, z: -0, w: 1}
  m_LocalPosition: {x: 0, y: 0, z: 0}
  m_LocalScale: {x: 1, y: 1, z: 1}
  m_Children: []
  m_Father: {fileID: 5077207966180894893}
  m_RootOrder: 2
  m_LocalEulerAnglesHint: {x: 0, y: 0, z: 0}
--- !u!114 &1220855281683307359
MonoBehaviour:
  m_ObjectHideFlags: 0
  m_CorrespondingSourceObject: {fileID: 0}
  m_PrefabInstance: {fileID: 0}
  m_PrefabAsset: {fileID: 0}
  m_GameObject: {fileID: 5643928715172803373}
  m_Enabled: 1
  m_EditorHideFlags: 0
  m_Script: {fileID: 11500000, guid: a52aa831b846e2c4aa2175e5d62a0d40, type: 3}
  m_Name: 
  m_EditorClassIdentifier: 
  m_Net: {fileID: 2629256788800866641}
--- !u!1 &7123197270973260713
GameObject:
  m_ObjectHideFlags: 0
  m_CorrespondingSourceObject: {fileID: 0}
  m_PrefabInstance: {fileID: 0}
  m_PrefabAsset: {fileID: 0}
  serializedVersion: 6
  m_Component:
  - component: {fileID: 6413667367446522375}
  - component: {fileID: 8013677153567884109}
  m_Layer: 0
  m_Name: ContentStatePriorAsk
  m_TagString: Untagged
  m_Icon: {fileID: 0}
  m_NavMeshLayer: 0
  m_StaticEditorFlags: 0
  m_IsActive: 1
--- !u!4 &6413667367446522375
Transform:
  m_ObjectHideFlags: 0
  m_CorrespondingSourceObject: {fileID: 0}
  m_PrefabInstance: {fileID: 0}
  m_PrefabAsset: {fileID: 0}
  m_GameObject: {fileID: 7123197270973260713}
  m_LocalRotation: {x: -0, y: -0, z: -0, w: 1}
  m_LocalPosition: {x: 0, y: 0, z: 0}
  m_LocalScale: {x: 1, y: 1, z: 1}
  m_Children: []
  m_Father: {fileID: 5077207966180894893}
  m_RootOrder: 1
  m_LocalEulerAnglesHint: {x: 0, y: 0, z: 0}
--- !u!114 &8013677153567884109
MonoBehaviour:
  m_ObjectHideFlags: 0
  m_CorrespondingSourceObject: {fileID: 0}
  m_PrefabInstance: {fileID: 0}
  m_PrefabAsset: {fileID: 0}
  m_GameObject: {fileID: 7123197270973260713}
  m_Enabled: 1
  m_EditorHideFlags: 0
  m_Script: {fileID: 11500000, guid: c0606f4dbb0ccc84bbadd2c705b50f63, type: 3}
  m_Name: 
  m_EditorClassIdentifier: 
  m_Net: {fileID: 2629256788800866641}
--- !u!1001 &3827138961073980408
PrefabInstance:
  m_ObjectHideFlags: 0
  serializedVersion: 2
  m_Modification:
    m_TransformParent: {fileID: 0}
    m_Modifications:
    - target: {fileID: 1252077137685236393, guid: cba36b072252a254fa437d54bb3b3eca,
        type: 3}
      propertyPath: m_MachineType
      value: 4
      objectReference: {fileID: 0}
    - target: {fileID: 1252077137685236393, guid: cba36b072252a254fa437d54bb3b3eca,
        type: 3}
      propertyPath: m_LogCommend
      value: 0
      objectReference: {fileID: 0}
    - target: {fileID: 4339216842838433454, guid: cba36b072252a254fa437d54bb3b3eca,
        type: 3}
      propertyPath: m_Name
      value: Client_Projector
      objectReference: {fileID: 0}
    - target: {fileID: 8316291595831978837, guid: cba36b072252a254fa437d54bb3b3eca,
        type: 3}
      propertyPath: m_LocalPosition.x
      value: 0
      objectReference: {fileID: 0}
    - target: {fileID: 8316291595831978837, guid: cba36b072252a254fa437d54bb3b3eca,
        type: 3}
      propertyPath: m_LocalPosition.y
      value: 0
      objectReference: {fileID: 0}
    - target: {fileID: 8316291595831978837, guid: cba36b072252a254fa437d54bb3b3eca,
        type: 3}
      propertyPath: m_LocalPosition.z
      value: 0
      objectReference: {fileID: 0}
    - target: {fileID: 8316291595831978837, guid: cba36b072252a254fa437d54bb3b3eca,
        type: 3}
      propertyPath: m_LocalRotation.x
      value: 0
      objectReference: {fileID: 0}
    - target: {fileID: 8316291595831978837, guid: cba36b072252a254fa437d54bb3b3eca,
        type: 3}
      propertyPath: m_LocalRotation.y
      value: 0
      objectReference: {fileID: 0}
    - target: {fileID: 8316291595831978837, guid: cba36b072252a254fa437d54bb3b3eca,
        type: 3}
      propertyPath: m_LocalRotation.z
      value: 0
      objectReference: {fileID: 0}
    - target: {fileID: 8316291595831978837, guid: cba36b072252a254fa437d54bb3b3eca,
        type: 3}
      propertyPath: m_LocalRotation.w
      value: 1
      objectReference: {fileID: 0}
    - target: {fileID: 8316291595831978837, guid: cba36b072252a254fa437d54bb3b3eca,
        type: 3}
      propertyPath: m_RootOrder
      value: 0
      objectReference: {fileID: 0}
    - target: {fileID: 8316291595831978837, guid: cba36b072252a254fa437d54bb3b3eca,
        type: 3}
      propertyPath: m_LocalEulerAnglesHint.x
      value: 0
      objectReference: {fileID: 0}
    - target: {fileID: 8316291595831978837, guid: cba36b072252a254fa437d54bb3b3eca,
        type: 3}
      propertyPath: m_LocalEulerAnglesHint.y
      value: 0
      objectReference: {fileID: 0}
    - target: {fileID: 8316291595831978837, guid: cba36b072252a254fa437d54bb3b3eca,
        type: 3}
      propertyPath: m_LocalEulerAnglesHint.z
      value: 0
      objectReference: {fileID: 0}
    m_RemovedComponents: []
  m_SourcePrefab: {fileID: 100100000, guid: cba36b072252a254fa437d54bb3b3eca, type: 3}
--- !u!4 &5077207966180894893 stripped
Transform:
  m_CorrespondingSourceObject: {fileID: 8316291595831978837, guid: cba36b072252a254fa437d54bb3b3eca,
    type: 3}
  m_PrefabInstance: {fileID: 3827138961073980408}
  m_PrefabAsset: {fileID: 0}
--- !u!114 &2629256788800866641 stripped
MonoBehaviour:
  m_CorrespondingSourceObject: {fileID: 1252077137685236393, guid: cba36b072252a254fa437d54bb3b3eca,
    type: 3}
  m_PrefabInstance: {fileID: 3827138961073980408}
  m_PrefabAsset: {fileID: 0}
  m_GameObject: {fileID: 0}
  m_Enabled: 1
  m_EditorHideFlags: 0
  m_Script: {fileID: 11500000, guid: 9d8dfaed49c85c34b889a684ca0f4ac7, type: 3}
  m_Name: 
  m_EditorClassIdentifier: 
