%YAML 1.1
%TAG !u! tag:unity3d.com,2011:
--- !u!1 &43463706
GameObject:
  m_ObjectHideFlags: 0
  m_CorrespondingSourceObject: {fileID: 0}
  m_PrefabInstance: {fileID: 0}
  m_PrefabAsset: {fileID: 0}
  serializedVersion: 6
  m_Component:
  - component: {fileID: 43463701}
  - component: {fileID: 43463700}
  m_Layer: 0
  m_Name: ContentNameReceiver - Launch - Hololens
  m_TagString: Untagged
  m_Icon: {fileID: 0}
  m_NavMeshLayer: 0
  m_StaticEditorFlags: 0
  m_IsActive: 1
--- !u!4 &43463701
Transform:
  m_ObjectHideFlags: 0
  m_CorrespondingSourceObject: {fileID: 0}
  m_PrefabInstance: {fileID: 0}
  m_PrefabAsset: {fileID: 0}
  m_GameObject: {fileID: 43463706}
  m_LocalRotation: {x: -0, y: -0, z: -0, w: 1}
  m_LocalPosition: {x: 0, y: 0, z: 0}
  m_LocalScale: {x: 1, y: 1, z: 1}
  m_Children: []
  m_Father: {fileID: 192059423005948594}
  m_RootOrder: 0
  m_LocalEulerAnglesHint: {x: 0, y: 0, z: 0}
--- !u!114 &43463700
MonoBehaviour:
  m_ObjectHideFlags: 0
  m_CorrespondingSourceObject: {fileID: 0}
  m_PrefabInstance: {fileID: 0}
  m_PrefabAsset: {fileID: 0}
  m_GameObject: {fileID: 43463706}
  m_Enabled: 1
  m_EditorHideFlags: 0
  m_Script: {fileID: 11500000, guid: d336fd14f437ee147842bc4e2178cdac, type: 3}
  m_Name: 
  m_EditorClassIdentifier: 
  m_Net: {fileID: 6963541011632315214}
  m_ContentName: custom
--- !u!1 &1386643033
GameObject:
  m_ObjectHideFlags: 0
  m_CorrespondingSourceObject: {fileID: 0}
  m_PrefabInstance: {fileID: 0}
  m_PrefabAsset: {fileID: 0}
  serializedVersion: 6
  m_Component:
  - component: {fileID: 1386643032}
  - component: {fileID: 1386643035}
  m_Layer: 0
  m_Name: ContentStatePriorReceiver
  m_TagString: Untagged
  m_Icon: {fileID: 0}
  m_NavMeshLayer: 0
  m_StaticEditorFlags: 0
  m_IsActive: 1
--- !u!4 &1386643032
Transform:
  m_ObjectHideFlags: 0
  m_CorrespondingSourceObject: {fileID: 0}
  m_PrefabInstance: {fileID: 0}
  m_PrefabAsset: {fileID: 0}
  m_GameObject: {fileID: 1386643033}
  m_LocalRotation: {x: -0, y: -0, z: -0, w: 1}
  m_LocalPosition: {x: 0, y: 0, z: 0}
  m_LocalScale: {x: 1, y: 1, z: 1}
  m_Children: []
  m_Father: {fileID: 192059423005948594}
  m_RootOrder: 2
  m_LocalEulerAnglesHint: {x: 0, y: 0, z: 0}
--- !u!114 &1386643035
MonoBehaviour:
  m_ObjectHideFlags: 0
  m_CorrespondingSourceObject: {fileID: 0}
  m_PrefabInstance: {fileID: 0}
  m_PrefabAsset: {fileID: 0}
  m_GameObject: {fileID: 1386643033}
  m_Enabled: 1
  m_EditorHideFlags: 0
  m_Script: {fileID: 11500000, guid: 8b9cbb6e971fcbf469202aa911191017, type: 3}
  m_Name: 
  m_EditorClassIdentifier: 
  m_Net: {fileID: 6963541011632315214}
  m_OnReceive:
    m_PersistentCalls:
      m_Calls: []
--- !u!1 &829292288315902725
GameObject:
  m_ObjectHideFlags: 0
  m_CorrespondingSourceObject: {fileID: 0}
  m_PrefabInstance: {fileID: 0}
  m_PrefabAsset: {fileID: 0}
  serializedVersion: 6
  m_Component:
  - component: {fileID: 8051731537740539964}
  - component: {fileID: 4644680971800875065}
  m_Layer: 0
  m_Name: ContentStatePriorAsk
  m_TagString: Untagged
  m_Icon: {fileID: 0}
  m_NavMeshLayer: 0
  m_StaticEditorFlags: 0
  m_IsActive: 1
--- !u!4 &8051731537740539964
Transform:
  m_ObjectHideFlags: 0
  m_CorrespondingSourceObject: {fileID: 0}
  m_PrefabInstance: {fileID: 0}
  m_PrefabAsset: {fileID: 0}
  m_GameObject: {fileID: 829292288315902725}
  m_LocalRotation: {x: 0, y: 0, z: 0, w: 1}
  m_LocalPosition: {x: 0, y: 0, z: 0}
  m_LocalScale: {x: 1, y: 1, z: 1}
  m_Children: []
  m_Father: {fileID: 192059423005948594}
  m_RootOrder: 3
  m_LocalEulerAnglesHint: {x: 0, y: 0, z: 0}
--- !u!114 &4644680971800875065
MonoBehaviour:
  m_ObjectHideFlags: 0
  m_CorrespondingSourceObject: {fileID: 0}
  m_PrefabInstance: {fileID: 0}
  m_PrefabAsset: {fileID: 0}
  m_GameObject: {fileID: 829292288315902725}
  m_Enabled: 1
  m_EditorHideFlags: 0
  m_Script: {fileID: 11500000, guid: c0606f4dbb0ccc84bbadd2c705b50f63, type: 3}
  m_Name: 
  m_EditorClassIdentifier: 
  m_Net: {fileID: 6963541011632315214}
--- !u!1 &6112847445443593335
GameObject:
  m_ObjectHideFlags: 0
  m_CorrespondingSourceObject: {fileID: 0}
  m_PrefabInstance: {fileID: 0}
  m_PrefabAsset: {fileID: 0}
  serializedVersion: 6
  m_Component:
  - component: {fileID: 7212878048661366403}
  - component: {fileID: 4075949665293234861}
  m_Layer: 0
  m_Name: ContentNameAsk
  m_TagString: Untagged
  m_Icon: {fileID: 0}
  m_NavMeshLayer: 0
  m_StaticEditorFlags: 0
  m_IsActive: 1
--- !u!4 &7212878048661366403
Transform:
  m_ObjectHideFlags: 0
  m_CorrespondingSourceObject: {fileID: 0}
  m_PrefabInstance: {fileID: 0}
  m_PrefabAsset: {fileID: 0}
  m_GameObject: {fileID: 6112847445443593335}
  m_LocalRotation: {x: 0, y: 0, z: 0, w: 1}
  m_LocalPosition: {x: 0, y: 0, z: 0}
  m_LocalScale: {x: 1, y: 1, z: 1}
  m_Children: []
  m_Father: {fileID: 192059423005948594}
  m_RootOrder: 1
  m_LocalEulerAnglesHint: {x: 0, y: 0, z: 0}
--- !u!114 &4075949665293234861
MonoBehaviour:
  m_ObjectHideFlags: 0
  m_CorrespondingSourceObject: {fileID: 0}
  m_PrefabInstance: {fileID: 0}
  m_PrefabAsset: {fileID: 0}
  m_GameObject: {fileID: 6112847445443593335}
  m_Enabled: 1
  m_EditorHideFlags: 0
  m_Script: {fileID: 11500000, guid: ff27917b500b76745a3ef370f999bfa6, type: 3}
  m_Name: 
  m_EditorClassIdentifier: 
  m_Net: {fileID: 6963541011632315214}
--- !u!1 &7075697481538658239
GameObject:
  m_ObjectHideFlags: 0
  m_CorrespondingSourceObject: {fileID: 0}
  m_PrefabInstance: {fileID: 0}
  m_PrefabAsset: {fileID: 0}
  serializedVersion: 6
  m_Component:
  - component: {fileID: 492245212732500904}
  - component: {fileID: 7597161754826454647}
  - component: {fileID: 7079468765621650722}
  m_Layer: 0
  m_Name: MobiLocatDataSender
  m_TagString: Untagged
  m_Icon: {fileID: 0}
  m_NavMeshLayer: 0
  m_StaticEditorFlags: 0
  m_IsActive: 1
--- !u!4 &492245212732500904
Transform:
  m_ObjectHideFlags: 0
  m_CorrespondingSourceObject: {fileID: 0}
  m_PrefabInstance: {fileID: 0}
  m_PrefabAsset: {fileID: 0}
  m_GameObject: {fileID: 7075697481538658239}
  m_LocalRotation: {x: -0, y: -0, z: -0, w: 1}
  m_LocalPosition: {x: 0, y: 0, z: 0}
  m_LocalScale: {x: 1, y: 1, z: 1}
  m_Children:
  - {fileID: 1642819517800552154}
  m_Father: {fileID: 192059423005948594}
  m_RootOrder: 4
  m_LocalEulerAnglesHint: {x: 0, y: 0, z: 0}
--- !u!114 &7597161754826454647
MonoBehaviour:
  m_ObjectHideFlags: 0
  m_CorrespondingSourceObject: {fileID: 0}
  m_PrefabInstance: {fileID: 0}
  m_PrefabAsset: {fileID: 0}
  m_GameObject: {fileID: 7075697481538658239}
  m_Enabled: 1
  m_EditorHideFlags: 0
  m_Script: {fileID: 11500000, guid: 50d6421280990194a92f7a92066cc899, type: 3}
  m_Name: 
  m_EditorClassIdentifier: 
  m_Net: {fileID: 6963541011632315214}
  m_ContentReceiver: {fileID: 43463700}
  m_Locat:
    IsLocat: 0
    Pos: {x: 0, y: 0, z: 0}
    Rot: {x: 0, y: 0, z: 0}
--- !u!114 &7079468765621650722
MonoBehaviour:
  m_ObjectHideFlags: 0
  m_CorrespondingSourceObject: {fileID: 0}
  m_PrefabInstance: {fileID: 0}
  m_PrefabAsset: {fileID: 0}
  m_GameObject: {fileID: 7075697481538658239}
  m_Enabled: 1
  m_EditorHideFlags: 0
  m_Script: {fileID: 11500000, guid: 0de15f2dffb8c014a947faa9486bcffb, type: 3}
  m_Name: 
  m_EditorClassIdentifier: 
  m_AnchorManager: {fileID: 1642819517800552148}
  m_Camera: {fileID: 0}
  m_LocatSender: {fileID: 7597161754826454647}
--- !u!114 &7222943623366558021
MonoBehaviour:
  m_ObjectHideFlags: 0
  m_CorrespondingSourceObject: {fileID: 0}
  m_PrefabInstance: {fileID: 0}
  m_PrefabAsset: {fileID: 0}
  m_GameObject: {fileID: 5617339590574493513}
  m_Enabled: 1
  m_EditorHideFlags: 0
  m_Script: {fileID: 11500000, guid: 36890d304ed2177468a89a9a9cec06a8, type: 3}
  m_Name: 
  m_EditorClassIdentifier: 
--- !u!1001 &1217896278973547008
PrefabInstance:
  m_ObjectHideFlags: 0
  serializedVersion: 2
  m_Modification:
    m_TransformParent: {fileID: 492245212732500904}
    m_Modifications:
    - target: {fileID: 444345166886180055, guid: 8523663574cac7f4e9b684fc61f4b41f,
        type: 3}
      propertyPath: m_Name
      value: AnchorFinderManager
      objectReference: {fileID: 0}
    - target: {fileID: 444345166886180058, guid: 8523663574cac7f4e9b684fc61f4b41f,
        type: 3}
      propertyPath: m_LocalPosition.x
      value: 0
      objectReference: {fileID: 0}
    - target: {fileID: 444345166886180058, guid: 8523663574cac7f4e9b684fc61f4b41f,
        type: 3}
      propertyPath: m_LocalPosition.y
      value: 2.75
      objectReference: {fileID: 0}
    - target: {fileID: 444345166886180058, guid: 8523663574cac7f4e9b684fc61f4b41f,
        type: 3}
      propertyPath: m_LocalPosition.z
      value: 0
      objectReference: {fileID: 0}
    - target: {fileID: 444345166886180058, guid: 8523663574cac7f4e9b684fc61f4b41f,
        type: 3}
      propertyPath: m_LocalRotation.x
      value: -0
      objectReference: {fileID: 0}
    - target: {fileID: 444345166886180058, guid: 8523663574cac7f4e9b684fc61f4b41f,
        type: 3}
      propertyPath: m_LocalRotation.y
      value: -0
      objectReference: {fileID: 0}
    - target: {fileID: 444345166886180058, guid: 8523663574cac7f4e9b684fc61f4b41f,
        type: 3}
      propertyPath: m_LocalRotation.z
      value: -0
      objectReference: {fileID: 0}
    - target: {fileID: 444345166886180058, guid: 8523663574cac7f4e9b684fc61f4b41f,
        type: 3}
      propertyPath: m_LocalRotation.w
      value: 1
      objectReference: {fileID: 0}
    - target: {fileID: 444345166886180058, guid: 8523663574cac7f4e9b684fc61f4b41f,
        type: 3}
      propertyPath: m_RootOrder
      value: 0
      objectReference: {fileID: 0}
    - target: {fileID: 444345166886180058, guid: 8523663574cac7f4e9b684fc61f4b41f,
        type: 3}
      propertyPath: m_LocalEulerAnglesHint.x
      value: 0
      objectReference: {fileID: 0}
    - target: {fileID: 444345166886180058, guid: 8523663574cac7f4e9b684fc61f4b41f,
        type: 3}
      propertyPath: m_LocalEulerAnglesHint.y
      value: 0
      objectReference: {fileID: 0}
    - target: {fileID: 444345166886180058, guid: 8523663574cac7f4e9b684fc61f4b41f,
        type: 3}
      propertyPath: m_LocalEulerAnglesHint.z
      value: 0
      objectReference: {fileID: 0}
    m_RemovedComponents: []
  m_SourcePrefab: {fileID: 100100000, guid: 8523663574cac7f4e9b684fc61f4b41f, type: 3}
--- !u!4 &1642819517800552154 stripped
Transform:
  m_CorrespondingSourceObject: {fileID: 444345166886180058, guid: 8523663574cac7f4e9b684fc61f4b41f,
    type: 3}
  m_PrefabInstance: {fileID: 1217896278973547008}
  m_PrefabAsset: {fileID: 0}
--- !u!114 &1642819517800552148 stripped
MonoBehaviour:
  m_CorrespondingSourceObject: {fileID: 444345166886180052, guid: 8523663574cac7f4e9b684fc61f4b41f,
    type: 3}
  m_PrefabInstance: {fileID: 1217896278973547008}
  m_PrefabAsset: {fileID: 0}
  m_GameObject: {fileID: 0}
  m_Enabled: 1
  m_EditorHideFlags: 0
  m_Script: {fileID: 11500000, guid: 292e116f6571e43d58d68cfa890c6af1, type: 3}
  m_Name: 
  m_EditorClassIdentifier: 
--- !u!1001 &8197450868458033639
PrefabInstance:
  m_ObjectHideFlags: 0
  serializedVersion: 2
  m_Modification:
    m_TransformParent: {fileID: 0}
    m_Modifications:
    - target: {fileID: 1252077137685236393, guid: cba36b072252a254fa437d54bb3b3eca,
        type: 3}
      propertyPath: m_OnConnectStart.m_PersistentCalls.m_Calls.Array.size
      value: 1
      objectReference: {fileID: 0}
    - target: {fileID: 1252077137685236393, guid: cba36b072252a254fa437d54bb3b3eca,
        type: 3}
      propertyPath: OnConnectStart.m_PersistentCalls.m_Calls.Array.size
      value: 2
      objectReference: {fileID: 0}
    - target: {fileID: 1252077137685236393, guid: cba36b072252a254fa437d54bb3b3eca,
        type: 3}
      propertyPath: m_ServerIp
      value: 192.168.1.98
      objectReference: {fileID: 0}
    - target: {fileID: 1252077137685236393, guid: cba36b072252a254fa437d54bb3b3eca,
        type: 3}
      propertyPath: m_MachineType
      value: 5
      objectReference: {fileID: 0}
    - target: {fileID: 1252077137685236393, guid: cba36b072252a254fa437d54bb3b3eca,
        type: 3}
      propertyPath: m_OnConnectStart.m_PersistentCalls.m_Calls.Array.data[0].m_Mode
      value: 5
      objectReference: {fileID: 0}
    - target: {fileID: 1252077137685236393, guid: cba36b072252a254fa437d54bb3b3eca,
        type: 3}
      propertyPath: m_OnConnectStart.m_PersistentCalls.m_Calls.Array.data[0].m_CallState
      value: 2
      objectReference: {fileID: 0}
    - target: {fileID: 1252077137685236393, guid: cba36b072252a254fa437d54bb3b3eca,
        type: 3}
      propertyPath: m_OnConnectStart.m_PersistentCalls.m_Calls.Array.data[0].m_Target
      value: 
      objectReference: {fileID: 4075949665545782672, guid: 4e782ceebb5bb4341b45d6f33cf2f81a,
        type: 3}
    - target: {fileID: 1252077137685236393, guid: cba36b072252a254fa437d54bb3b3eca,
        type: 3}
      propertyPath: m_OnConnectStart.m_PersistentCalls.m_Calls.Array.data[0].m_MethodName
      value: Send
      objectReference: {fileID: 0}
    - target: {fileID: 1252077137685236393, guid: cba36b072252a254fa437d54bb3b3eca,
        type: 3}
      propertyPath: m_OnConnectStart.m_PersistentCalls.m_Calls.Array.data[0].m_Arguments.m_ObjectArgumentAssemblyTypeName
      value: UnityEngine.Object, UnityEngine
      objectReference: {fileID: 0}
    - target: {fileID: 1252077137685236393, guid: cba36b072252a254fa437d54bb3b3eca,
        type: 3}
      propertyPath: OnConnectStart.m_PersistentCalls.m_Calls.Array.data[0].m_Mode
      value: 5
      objectReference: {fileID: 0}
    - target: {fileID: 1252077137685236393, guid: cba36b072252a254fa437d54bb3b3eca,
        type: 3}
      propertyPath: OnConnectStart.m_PersistentCalls.m_Calls.Array.data[0].m_CallState
      value: 2
      objectReference: {fileID: 0}
    - target: {fileID: 1252077137685236393, guid: cba36b072252a254fa437d54bb3b3eca,
        type: 3}
      propertyPath: OnConnectStart.m_PersistentCalls.m_Calls.Array.data[0].m_Target
      value: 
      objectReference: {fileID: 4075949665545782672, guid: 4e782ceebb5bb4341b45d6f33cf2f81a,
        type: 3}
    - target: {fileID: 1252077137685236393, guid: cba36b072252a254fa437d54bb3b3eca,
        type: 3}
      propertyPath: OnConnectStart.m_PersistentCalls.m_Calls.Array.data[0].m_MethodName
      value: Send
      objectReference: {fileID: 0}
    - target: {fileID: 1252077137685236393, guid: cba36b072252a254fa437d54bb3b3eca,
        type: 3}
      propertyPath: OnConnectStart.m_PersistentCalls.m_Calls.Array.data[0].m_Arguments.m_ObjectArgumentAssemblyTypeName
      value: UnityEngine.Object, UnityEngine
      objectReference: {fileID: 0}
    - target: {fileID: 1252077137685236393, guid: cba36b072252a254fa437d54bb3b3eca,
        type: 3}
      propertyPath: OnConnectStart.m_PersistentCalls.m_Calls.Array.data[1].m_Mode
      value: 5
      objectReference: {fileID: 0}
    - target: {fileID: 1252077137685236393, guid: cba36b072252a254fa437d54bb3b3eca,
        type: 3}
      propertyPath: OnConnectStart.m_PersistentCalls.m_Calls.Array.data[1].m_CallState
      value: 2
      objectReference: {fileID: 0}
    - target: {fileID: 1252077137685236393, guid: cba36b072252a254fa437d54bb3b3eca,
        type: 3}
      propertyPath: OnConnectStart.m_PersistentCalls.m_Calls.Array.data[1].m_Target
      value: 
      objectReference: {fileID: 4644680970944079620, guid: 4e782ceebb5bb4341b45d6f33cf2f81a,
        type: 3}
    - target: {fileID: 1252077137685236393, guid: cba36b072252a254fa437d54bb3b3eca,
        type: 3}
      propertyPath: OnConnectStart.m_PersistentCalls.m_Calls.Array.data[1].m_MethodName
      value: Send
      objectReference: {fileID: 0}
    - target: {fileID: 1252077137685236393, guid: cba36b072252a254fa437d54bb3b3eca,
        type: 3}
      propertyPath: OnConnectStart.m_PersistentCalls.m_Calls.Array.data[1].m_Arguments.m_ObjectArgumentAssemblyTypeName
      value: UnityEngine.Object, UnityEngine
      objectReference: {fileID: 0}
    - target: {fileID: 4339216842838433454, guid: cba36b072252a254fa437d54bb3b3eca,
        type: 3}
      propertyPath: m_Name
      value: Client_Hololens
      objectReference: {fileID: 0}
    - target: {fileID: 4339216842838433454, guid: cba36b072252a254fa437d54bb3b3eca,
        type: 3}
      propertyPath: m_IsActive
      value: 1
      objectReference: {fileID: 0}
    - target: {fileID: 8316291595831978837, guid: cba36b072252a254fa437d54bb3b3eca,
        type: 3}
      propertyPath: m_LocalPosition.x
      value: 0
      objectReference: {fileID: 0}
    - target: {fileID: 8316291595831978837, guid: cba36b072252a254fa437d54bb3b3eca,
        type: 3}
      propertyPath: m_LocalPosition.y
      value: 0
      objectReference: {fileID: 0}
    - target: {fileID: 8316291595831978837, guid: cba36b072252a254fa437d54bb3b3eca,
        type: 3}
      propertyPath: m_LocalPosition.z
      value: 0
      objectReference: {fileID: 0}
    - target: {fileID: 8316291595831978837, guid: cba36b072252a254fa437d54bb3b3eca,
        type: 3}
      propertyPath: m_LocalRotation.x
      value: 0
      objectReference: {fileID: 0}
    - target: {fileID: 8316291595831978837, guid: cba36b072252a254fa437d54bb3b3eca,
        type: 3}
      propertyPath: m_LocalRotation.y
      value: 0
      objectReference: {fileID: 0}
    - target: {fileID: 8316291595831978837, guid: cba36b072252a254fa437d54bb3b3eca,
        type: 3}
      propertyPath: m_LocalRotation.z
      value: 0
      objectReference: {fileID: 0}
    - target: {fileID: 8316291595831978837, guid: cba36b072252a254fa437d54bb3b3eca,
        type: 3}
      propertyPath: m_LocalRotation.w
      value: 1
      objectReference: {fileID: 0}
    - target: {fileID: 8316291595831978837, guid: cba36b072252a254fa437d54bb3b3eca,
        type: 3}
      propertyPath: m_RootOrder
      value: 0
      objectReference: {fileID: 0}
    - target: {fileID: 8316291595831978837, guid: cba36b072252a254fa437d54bb3b3eca,
        type: 3}
      propertyPath: m_LocalEulerAnglesHint.x
      value: 0
      objectReference: {fileID: 0}
    - target: {fileID: 8316291595831978837, guid: cba36b072252a254fa437d54bb3b3eca,
        type: 3}
      propertyPath: m_LocalEulerAnglesHint.y
      value: 0
      objectReference: {fileID: 0}
    - target: {fileID: 8316291595831978837, guid: cba36b072252a254fa437d54bb3b3eca,
        type: 3}
      propertyPath: m_LocalEulerAnglesHint.z
      value: 0
      objectReference: {fileID: 0}
    m_RemovedComponents: []
  m_SourcePrefab: {fileID: 100100000, guid: cba36b072252a254fa437d54bb3b3eca, type: 3}
--- !u!1 &5617339590574493513 stripped
GameObject:
  m_CorrespondingSourceObject: {fileID: 4339216842838433454, guid: cba36b072252a254fa437d54bb3b3eca,
    type: 3}
  m_PrefabInstance: {fileID: 8197450868458033639}
  m_PrefabAsset: {fileID: 0}
--- !u!4 &192059423005948594 stripped
Transform:
  m_CorrespondingSourceObject: {fileID: 8316291595831978837, guid: cba36b072252a254fa437d54bb3b3eca,
    type: 3}
  m_PrefabInstance: {fileID: 8197450868458033639}
  m_PrefabAsset: {fileID: 0}
--- !u!114 &6963541011632315214 stripped
MonoBehaviour:
  m_CorrespondingSourceObject: {fileID: 1252077137685236393, guid: cba36b072252a254fa437d54bb3b3eca,
    type: 3}
  m_PrefabInstance: {fileID: 8197450868458033639}
  m_PrefabAsset: {fileID: 0}
  m_GameObject: {fileID: 5617339590574493513}
  m_Enabled: 1
  m_EditorHideFlags: 0
  m_Script: {fileID: 11500000, guid: 9d8dfaed49c85c34b889a684ca0f4ac7, type: 3}
  m_Name: 
  m_EditorClassIdentifier: 
